<?xml version="1.0" encoding="UTF-8"?><collection xmlns="http://www.loc.gov/MARC21/slim"><record><leader>00441nam--2200133-i-4500</leader><controlfield tag="001">000015772</controlfield><controlfield tag="002">20161230</controlfield><controlfield tag="005">20161230201031</controlfield><controlfield tag="008">060222s1000------------r-----000-0-eng-d</controlfield><datafield ind1=" " ind2=" " tag="080"><subfield code="a">621.010.046</subfield></datafield><datafield ind1=" " ind2=" " tag="100"><subfield code="a">Chesaru, Eugen., Popescu, Victor Si Patriniche , Nicolae</subfield></datafield><datafield ind1=" " ind2=" " tag="245"><subfield code="a">Calitatea si siguranta constructiilor.evitarea , depistarea si remedierea defectelor cu exemp le</subfield></datafield><datafield ind1=" " ind2=" " tag="260"><subfield code="a">Bucuresti, Editura Tehnica, 1987. 332 P</subfield></datafield><datafield ind1=" " ind2=" " tag="852"><subfield code="a">73694</subfield></datafield></record></collection>